@misc{assignment-text,
    author = {{Noc Reissmann}},
    title = {{TDT4260 Computer Architecture Mini-Project Guidelines}},
    howpublished = {{\url{https://www.idi.ntnu.no/emner/tdt4260/_media/tdt4260_mini-project_guidelines.pdf}}}
}
@techreport{ghb,
    author = {{Kyle J. Nesbit and James E. Smith}},
    title = {{Data Cache Prefetching Using a Global History Buffer}},
    institution = {{University of Wisconsin - Madison}},
    year = {{2004}},
    month = {{February}},
}
@techreport{microlib,
    author = {{Daniel Garciea PÃ©rez and Gilles Mouchard and Oliver Temam}},
    title = {{MicroLib: A Case for the Quantitative Comparison of Micro-Architecture Mechanisms}},
    institution = {{LRI, Paris Sud/11 University}},
    year = {{2004}},
    month = {{June}},
}
